<?xml version="1.0" encoding="UTF-8"?><record xmlns="http://www.loc.gov/MARC21/slim" xmlns:cinclude="http://apache.org/cocoon/include/1.0" xmlns:zs="http://www.loc.gov/zing/srw/">
  <leader>00458nz  a2200145n  4500</leader>
  <controlfield tag="001">no2008110570</controlfield>
  <controlfield tag="003">DLC</controlfield>
  <controlfield tag="005">20080802075706.0</controlfield>
  <controlfield tag="008">080623n| acannaabn          |n aaa     c</controlfield>
  <datafield tag="010" ind1=" " ind2=" ">
    <subfield code="a">no2008110570</subfield>
  </datafield>
  <datafield tag="035" ind1=" " ind2=" ">
    <subfield code="a">(OCoLC)oca07836549</subfield>
  </datafield>
  <datafield tag="040" ind1=" " ind2=" ">
    <subfield code="a">TxHNH</subfield>
    <subfield code="b">eng</subfield>
    <subfield code="c">TxHNH</subfield>
  </datafield>
  <datafield tag="100" ind1="1" ind2=" ">
    <subfield code="a">Loumède, Colette</subfield>
  </datafield>
  <datafield tag="670" ind1=" " ind2=" ">
    <subfield code="a">Édith and Michel, 2004:</subfield>
    <subfield code="b">credits (producer, Colette Loumède)</subfield>
  </datafield>
  <datafield tag="670" ind1=" " ind2=" ">
    <subfield code="a">OCLC, July 21, 2008</subfield>
    <subfield code="b">(LAC hdg.: Loumède, Colette ; usage: Colette Loumède)</subfield>
  </datafield>
</record>